@book{puterman2009markov,
  title={Markov decision processes: discrete stochastic dynamic programming},
  author={Puterman, Martin L},
  volume={414},
  year={2009},
  publisher={John Wiley \& Sons}
}

@incollection{brainstormers,
  title={Karlsruhe brainstormers-a reinforcement learning approach to robotic soccer},
  author={Riedmiller, Martin and Merke, Artur and Meier, David and Hoffmann, Andreas and Sinner, Alex and Thate, Ortwin and Ehrmann, Ralf},
  booktitle={RoboCup 2000: Robot Soccer World Cup IV},
  pages={367--372},
  year={2001},
  publisher={Springer}
}

@article{riedmiller2005brainstormers,
  title={Brainstormers 2Dâ€”Team Description 2005},
  author={Riedmiller, Martin and Gabel, Thomas and Knabe, J and Strasdat, H},
  journal={RoboCup-2005: Robot Soccer World Cup IX, LNCS. Springer},
  year={2005}
}

@article{duan2007application,
  title={Application of reinforcement learning in robot soccer},
  author={Duan, Yong and Liu, Qiang and Xu, XinHe},
  journal={Engineering Applications of Artificial Intelligence},
  volume={20},
  number={7},
  pages={936--950},
  year={2007},
  publisher={Elsevier}
}

@incollection{akiyama2014helios,
  title={HELIOS Base: An Open Source Package for the RoboCup Soccer 2D Simulation},
  author={Akiyama, Hidehisa and Nakashima, Tomoharu},
  booktitle={RoboCup 2013: Robot World Cup XVII},
  pages={528--535},
  year={2014},
  publisher={Springer}
}